@BOOK{Hans_Helmut_林200312,
  title={暗号と確率的アルゴリズム入門 --- 数学理論と応用},
  author={H. デルフス and H. クネーブル},
  publisher={シュプリンガーフェアラーク東京},
  year={2003},
  month={12},
  isbn={9784431710257},
  url={http://amazon.co.jp/o/ASIN/4431710256/},
  price={￥ 5,184},
  totalpages={444},
  timestamp={2016.05.14},
}

@BOOK{光成201506,
  title={クラウドを支えるこれからの暗号技術},
  author={光成 滋生},
  publisher={秀和システム},
  year={2015},
  month={6},
  isbn={9784798044132},
  url={http://amazon.co.jp/o/ASIN/479804413X/},
  price={￥ 3,024},
  totalpages={240},
  timestamp={2016.05.14},
}
